<?xml version="1.0" encoding="UTF-8"?>
<OAI-PMH xmlns="http://www.openarchives.org/OAI/2.0/" xmlns:xsi="http://www.w3.org/2001/XMLSchema-instance" xsi:schemaLocation="http://www.openarchives.org/OAI/2.0/ http://www.openarchives.org/OAI/2.0/OAI-PMH.xsd">
  <ListRecords>
    <record>
      <header>
        <identifier>aleph-publish:000765779</identifier>
      </header>
      <metadata>
        <record xmlns="http://www.ddb.de/professionell/mabxml/mabxml-1.xsd">
          <leader>00676cM2.01200024------h</leader>
          <controlfield tag="LDR">00676cM2.01200024------h</controlfield>
          <controlfield tag="FMT">MH</controlfield>
          <datafield tag="001" ind1="-" ind2="1">
            <subfield code="a">HT008498405</subfield>
          </datafield>
          <datafield tag="002" ind1="a" ind2="1">
            <subfield code="a">19991121</subfield>
          </datafield>
          <datafield tag="003" ind1="-" ind2="1">
            <subfield code="a">20120308144121</subfield>
          </datafield>
          <datafield tag="004" ind1="-" ind2="1">
            <subfield code="a">20120313</subfield>
          </datafield>
          <datafield tag="020" ind1="a" ind2="1">
            <subfield code="a">1293168-8</subfield>
            <subfield code="b">DNB</subfield>
          </datafield>
          <datafield tag="025" ind1="a" ind2="1">
            <subfield code="a">018019722</subfield>
          </datafield>
          <datafield tag="025" ind1="o" ind2="1">
            <subfield code="a">224684949</subfield>
          </datafield>
          <datafield tag="025" ind1="z" ind2="1">
            <subfield code="a">1293168-8</subfield>
          </datafield>
          <datafield tag="026" ind1="-" ind2="1">
            <subfield code="a">ZDB1293168-8</subfield>
          </datafield>
          <controlfield tag="030">b|1dcz|z|||37</controlfield>
          <datafield tag="036" ind1="a" ind2="1">
            <subfield code="a">XA-DE</subfield>
          </datafield>
          <datafield tag="037" ind1="b" ind2="1">
            <subfield code="a">ger</subfield>
          </datafield>
          <controlfield tag="050">a|a|||||||||||</controlfield>
          <controlfield tag="052">p||||||zaf|||||</controlfield>
          <datafield tag="070" ind1="-" ind2="1">
            <subfield code="a">9001</subfield>
          </datafield>
          <datafield tag="070" ind1="a" ind2="1">
            <subfield code="a">DNB</subfield>
          </datafield>
          <datafield tag="070" ind1="b" ind2="1">
            <subfield code="a">2001</subfield>
          </datafield>
          <datafield tag="073" ind1="-" ind2="1">
            <subfield code="a">9,2</subfield>
          </datafield>
          <datafield tag="076" ind1="-" ind2="1">
            <subfield code="a">||a|||</subfield>
          </datafield>
          <datafield tag="331" ind1="-" ind2="1">
            <subfield code="a">Testcard</subfield>
          </datafield>
          <datafield tag="335" ind1="-" ind2="1">
            <subfield code="a">Beiträge zur Popgeschichte</subfield>
          </datafield>
          <datafield tag="405" ind1="-" ind2="1">
            <subfield code="a">Nr. 1.1995 -</subfield>
          </datafield>
          <datafield tag="410" ind1="-" ind2="1">
            <subfield code="a">Mainz</subfield>
          </datafield>
          <datafield tag="412" ind1="-" ind2="1">
            <subfield code="a">Ventil</subfield>
          </datafield>
          <datafield tag="418" ind1="-" ind2="1">
            <subfield code="a">Oppenheim</subfield>
            <subfield code="g">Testcard</subfield>
            <subfield code="h">anfangs</subfield>
          </datafield>
          <datafield tag="418" ind1="-" ind2="1">
            <subfield code="a">Mainz</subfield>
            <subfield code="g">Testcard</subfield>
            <subfield code="h">-6.1998</subfield>
          </datafield>
          <datafield tag="425" ind1="b" ind2="1">
            <subfield code="a">1995</subfield>
          </datafield>
          <datafield tag="435" ind1="-" ind2="1">
            <subfield code="a">23 cm</subfield>
          </datafield>
          <datafield tag="523" ind1="-" ind2="1">
            <subfield code="a">Ersch. anfangs 2x jährl., später jährl.</subfield>
          </datafield>
          <datafield tag="574" ind1="-" ind2="1">
            <subfield code="a">08,A01,1372</subfield>
          </datafield>
          <datafield tag="700" ind1="-" ind2="1">
            <subfield code="a">780</subfield>
            <subfield code="a">DNB</subfield>
          </datafield>
          <datafield tag="700" ind1="-" ind2="1">
            <subfield code="a">780</subfield>
            <subfield code="a">ZDB</subfield>
          </datafield>
          <datafield tag="700" ind1="z" ind2="1">
            <subfield code="a">480</subfield>
          </datafield>
          <datafield tag="902" ind1="-" ind2="1">
            <subfield code="s">Popmusik</subfield>
            <subfield code="9">(DE-588)4046781-8</subfield>
          </datafield>
          <datafield tag="902" ind1="-" ind2="1">
            <subfield code="z">Geschichte</subfield>
          </datafield>
          <datafield tag="902" ind1="-" ind2="1">
            <subfield code="f">Zeitschrift</subfield>
          </datafield>
          <datafield tag="904" ind1="a" ind2="1">
            <subfield code="a">DE-101DE-101</subfield>
          </datafield>
          <controlfield tag="SYS">000765779</controlfield>
          <datafield tag="016" ind1="-" ind2="1">
            <subfield code="a">947417281</subfield>
            <subfield code="b">DNB</subfield>
          </datafield>
          <datafield tag="406" ind1="a" ind2="1">
            <subfield code="j">1995</subfield>
          </datafield>
          <datafield tag="705" ind1="-" ind2="1">
            <subfield code="a">781.6405</subfield>
            <subfield code="c">781.64</subfield>
            <subfield code="e">DDC22ger</subfield>
            <subfield code="f">05</subfield>
          </datafield>
          <datafield tag="200" ind1=" " ind2=" ">
            <subfield code="0">1</subfield>
            <subfield code="a">Nr.</subfield>
            <subfield code="b">1.1995 -</subfield>
            <subfield code="f">P 10/34 t 24</subfield>
          </datafield>
          <datafield tag="OWN" ind1=" " ind2=" ">
            <subfield code="a">P0001</subfield>
          </datafield>
          <datafield tag="PLK" ind1=" " ind2=" ">
            <subfield code="a">SRD</subfield>
            <subfield code="l">PAD01</subfield>
            <subfield code="b">001289471</subfield>
            <subfield code="m">Testcard.^1995</subfield>
            <subfield code="n">19.^Blühende Nischen.^2010</subfield>
          </datafield>
          <datafield tag="PLK" ind1=" " ind2=" ">
            <subfield code="a">SRD</subfield>
            <subfield code="l">PAD01</subfield>
            <subfield code="b">000797493</subfield>
            <subfield code="m">Testcard.^1995</subfield>
            <subfield code="n">6.^Pop-Texte.^1998</subfield>
          </datafield>
          <datafield tag="PLK" ind1=" " ind2=" ">
            <subfield code="a">SRD</subfield>
            <subfield code="l">PAD01</subfield>
            <subfield code="b">000829224</subfield>
            <subfield code="m">Testcard.^1995</subfield>
            <subfield code="n">4.^Retrophänomene in den 90ern.^1997</subfield>
          </datafield>
          <datafield tag="PLK" ind1=" " ind2=" ">
            <subfield code="a">SRD</subfield>
            <subfield code="l">PAD01</subfield>
            <subfield code="b">000831242</subfield>
            <subfield code="m">Testcard.^1995</subfield>
            <subfield code="n">8.^Gender.^2000</subfield>
          </datafield>
          <datafield tag="PLK" ind1=" " ind2=" ">
            <subfield code="a">SRD</subfield>
            <subfield code="l">PAD01</subfield>
            <subfield code="b">001452467</subfield>
            <subfield code="m">Testcard.^1995</subfield>
            <subfield code="n">21.^Überleben.^2011</subfield>
          </datafield>
          <datafield tag="PLK" ind1=" " ind2=" ">
            <subfield code="a">SRD</subfield>
            <subfield code="l">PAD01</subfield>
            <subfield code="b">000869908</subfield>
            <subfield code="m">Testcard.^1995</subfield>
            <subfield code="n">12.^Linke Mythen.^2003</subfield>
          </datafield>
          <datafield tag="PLK" ind1=" " ind2=" ">
            <subfield code="a">SRD</subfield>
            <subfield code="l">PAD01</subfield>
            <subfield code="b">000869902</subfield>
            <subfield code="m">Testcard.^1995</subfield>
            <subfield code="n">1.1995.^Pop und Destruktion.^3. Aufl..^1998</subfield>
          </datafield>
          <datafield tag="PLK" ind1=" " ind2=" ">
            <subfield code="a">SRD</subfield>
            <subfield code="l">PAD01</subfield>
            <subfield code="b">000869905</subfield>
            <subfield code="m">Testcard.^1995</subfield>
            <subfield code="n">2.^Inland.^1996</subfield>
          </datafield>
          <datafield tag="PLK" ind1=" " ind2=" ">
            <subfield code="a">SRD</subfield>
            <subfield code="l">PAD01</subfield>
            <subfield code="b">000766122</subfield>
            <subfield code="m">Testcard.^1995</subfield>
            <subfield code="n">5.^Kulturindustrie.^1997</subfield>
          </datafield>
          <datafield tag="PLK" ind1=" " ind2=" ">
            <subfield code="a">SRD</subfield>
            <subfield code="l">PAD01</subfield>
            <subfield code="b">000815768</subfield>
            <subfield code="m">Testcard.^1995</subfield>
            <subfield code="n">7.^Pop und Literatur.^1999</subfield>
          </datafield>
          <datafield tag="PLK" ind1=" " ind2=" ">
            <subfield code="a">SRD</subfield>
            <subfield code="l">PAD01</subfield>
            <subfield code="b">000835442</subfield>
            <subfield code="m">Testcard.^1995</subfield>
            <subfield code="n">9.^Pop und Krieg.^2000</subfield>
          </datafield>
          <datafield tag="PLK" ind1=" " ind2=" ">
            <subfield code="a">SRD</subfield>
            <subfield code="l">PAD01</subfield>
            <subfield code="b">000869906</subfield>
            <subfield code="m">Testcard.^1995</subfield>
            <subfield code="n">10.^Zukunftsmusik.^2001</subfield>
          </datafield>
          <datafield tag="PLK" ind1=" " ind2=" ">
            <subfield code="a">SRD</subfield>
            <subfield code="l">PAD01</subfield>
            <subfield code="b">000869907</subfield>
            <subfield code="m">Testcard.^1995</subfield>
            <subfield code="n">11.^Humor.^2002</subfield>
          </datafield>
          <datafield tag="PLK" ind1=" " ind2=" ">
            <subfield code="a">SRD</subfield>
            <subfield code="l">PAD01</subfield>
            <subfield code="b">000898911</subfield>
            <subfield code="m">Testcard.^1995</subfield>
            <subfield code="n">13.^Black music.^2004</subfield>
          </datafield>
          <datafield tag="PLK" ind1=" " ind2=" ">
            <subfield code="a">SRD</subfield>
            <subfield code="l">PAD01</subfield>
            <subfield code="b">000898914</subfield>
            <subfield code="m">Testcard.^1995</subfield>
            <subfield code="n">14.^Discover America.^2005</subfield>
          </datafield>
          <datafield tag="PLK" ind1=" " ind2=" ">
            <subfield code="a">SRD</subfield>
            <subfield code="l">PAD01</subfield>
            <subfield code="b">000960666</subfield>
            <subfield code="m">Testcard.^1995</subfield>
            <subfield code="n">15.^&lt;&lt;The&gt;&gt; medium is the mess.^2006</subfield>
          </datafield>
          <datafield tag="PLK" ind1=" " ind2=" ">
            <subfield code="a">SRD</subfield>
            <subfield code="l">PAD01</subfield>
            <subfield code="b">000870285</subfield>
            <subfield code="m">Testcard.^1995</subfield>
            <subfield code="n">3.^Sound.^2. Aufl..^2002</subfield>
          </datafield>
          <datafield tag="PLK" ind1=" " ind2=" ">
            <subfield code="a">SRD</subfield>
            <subfield code="l">PAD01</subfield>
            <subfield code="b">000960668</subfield>
            <subfield code="m">Testcard.^1995</subfield>
            <subfield code="n">16.^Extremismus.^2007</subfield>
          </datafield>
          <datafield tag="PLK" ind1=" " ind2=" ">
            <subfield code="a">SRD</subfield>
            <subfield code="l">PAD01</subfield>
            <subfield code="b">000987297</subfield>
            <subfield code="m">Testcard.^1995</subfield>
            <subfield code="n">17.^Sex.^2008</subfield>
          </datafield>
          <datafield tag="PLK" ind1=" " ind2=" ">
            <subfield code="a">SRD</subfield>
            <subfield code="l">PAD01</subfield>
            <subfield code="b">001108735</subfield>
            <subfield code="m">Testcard.^1995</subfield>
            <subfield code="n">18.^Regress.^2009</subfield>
          </datafield>
          <datafield tag="PLK" ind1=" " ind2=" ">
            <subfield code="a">SRD</subfield>
            <subfield code="l">PAD01</subfield>
            <subfield code="b">001523976</subfield>
            <subfield code="m">Testcard.^1995</subfield>
            <subfield code="n">22.^Fleisch.^2012</subfield>
          </datafield>
          <datafield tag="PLK" ind1=" " ind2=" ">
            <subfield code="a">SRD</subfield>
            <subfield code="l">PAD01</subfield>
            <subfield code="b">001414237</subfield>
            <subfield code="m">Testcard.^1995</subfield>
            <subfield code="n">20.^Access denied - Ortsverschiebungen in der realen und virtellen Gegenwart.^2011</subfield>
          </datafield>
          <datafield tag="LOC" ind1=" " ind2=" ">
            <subfield code="m">ISSBD</subfield>
            <subfield code="a">P0001</subfield>
            <subfield code="b">10</subfield>
            <subfield code="d">34t24</subfield>
            <subfield code="g">13.2004</subfield>
            <subfield code="i">04:934</subfield>
            <subfield code="n">36</subfield>
            <subfield code="k">20040802</subfield>
            <subfield code="5">753555-20</subfield>
          </datafield>
          <datafield tag="LOC" ind1=" " ind2=" ">
            <subfield code="m">ISSBD</subfield>
            <subfield code="a">P0001</subfield>
            <subfield code="b">10</subfield>
            <subfield code="d">34t24</subfield>
            <subfield code="g">14.2005</subfield>
            <subfield code="i">05:781</subfield>
            <subfield code="n">30</subfield>
            <subfield code="k">20050601</subfield>
            <subfield code="5">753555-30</subfield>
          </datafield>
          <datafield tag="LOC" ind1=" " ind2=" ">
            <subfield code="m">ISSBD</subfield>
            <subfield code="a">P0001</subfield>
            <subfield code="b">10</subfield>
            <subfield code="d">34t24</subfield>
            <subfield code="g">15.2006</subfield>
            <subfield code="i">06:726</subfield>
            <subfield code="n">36</subfield>
            <subfield code="k">20060508</subfield>
            <subfield code="5">753555-40</subfield>
          </datafield>
          <datafield tag="LOC" ind1=" " ind2=" ">
            <subfield code="m">ISSBD</subfield>
            <subfield code="a">P0001</subfield>
            <subfield code="b">10</subfield>
            <subfield code="d">34t24</subfield>
            <subfield code="g">16.2007</subfield>
            <subfield code="i">07:612</subfield>
            <subfield code="n">36</subfield>
            <subfield code="k">20070507</subfield>
            <subfield code="5">753555-50</subfield>
          </datafield>
          <datafield tag="LOC" ind1=" " ind2=" ">
            <subfield code="m">ISSBD</subfield>
            <subfield code="a">P0001</subfield>
            <subfield code="b">10</subfield>
            <subfield code="d">34t24</subfield>
            <subfield code="g">17.2008</subfield>
            <subfield code="i">08:458</subfield>
            <subfield code="n">36</subfield>
            <subfield code="k">20080319</subfield>
            <subfield code="5">753555-70</subfield>
          </datafield>
          <datafield tag="LOC" ind1=" " ind2=" ">
            <subfield code="m">ISSBD</subfield>
            <subfield code="a">P0001</subfield>
            <subfield code="b">10</subfield>
            <subfield code="d">34t24</subfield>
            <subfield code="g">18.2009</subfield>
            <subfield code="i">09:530</subfield>
            <subfield code="n">36</subfield>
            <subfield code="k">20090320</subfield>
            <subfield code="5">753555-80</subfield>
          </datafield>
          <datafield tag="LOC" ind1=" " ind2=" ">
            <subfield code="m">ISSBD</subfield>
            <subfield code="a">P0001</subfield>
            <subfield code="b">10</subfield>
            <subfield code="d">34t24</subfield>
            <subfield code="g">19.2010</subfield>
            <subfield code="i">10:407</subfield>
            <subfield code="n">36</subfield>
            <subfield code="k">20100324</subfield>
            <subfield code="5">753555-90</subfield>
          </datafield>
          <datafield tag="LOC" ind1=" " ind2=" ">
            <subfield code="m">ISSBD</subfield>
            <subfield code="a">P0001</subfield>
            <subfield code="b">10</subfield>
            <subfield code="d">34t24</subfield>
            <subfield code="g">20.2011</subfield>
            <subfield code="i">11:762</subfield>
            <subfield code="n">36</subfield>
            <subfield code="k">20110607</subfield>
            <subfield code="5">753555-100</subfield>
          </datafield>
          <datafield tag="LOC" ind1=" " ind2=" ">
            <subfield code="m">ISSBD</subfield>
            <subfield code="a">P0001</subfield>
            <subfield code="b">10</subfield>
            <subfield code="d">34t24</subfield>
            <subfield code="g">21.2012</subfield>
            <subfield code="i">11:1286</subfield>
            <subfield code="n">36</subfield>
            <subfield code="k">20111215</subfield>
            <subfield code="5">753555-110</subfield>
          </datafield>
          <datafield tag="LOC" ind1=" " ind2=" ">
            <subfield code="m">ISSBD</subfield>
            <subfield code="a">P0001</subfield>
            <subfield code="b">10</subfield>
            <subfield code="d">34t24</subfield>
            <subfield code="g">22.2013</subfield>
            <subfield code="n">36</subfield>
            <subfield code="k">20121214</subfield>
            <subfield code="5">753555-120</subfield>
          </datafield>
          <datafield tag="LOC" ind1=" " ind2=" ">
            <subfield code="m">ISSBD</subfield>
            <subfield code="a">P0001</subfield>
            <subfield code="b">10</subfield>
            <subfield code="d">34t24</subfield>
            <subfield code="g">7.1999</subfield>
            <subfield code="i">06:1086</subfield>
            <subfield code="n">36</subfield>
            <subfield code="k">20060901</subfield>
            <subfield code="5">753555-60</subfield>
          </datafield>
          <datafield tag="LOC" ind1=" " ind2=" ">
            <subfield code="m">ISSUE</subfield>
            <subfield code="a">P0001</subfield>
            <subfield code="b">10</subfield>
            <subfield code="d">34t24</subfield>
            <subfield code="g">23.2014</subfield>
            <subfield code="n">36</subfield>
            <subfield code="k">00000000</subfield>
            <subfield code="5">753555-130</subfield>
          </datafield>
        </record>
      </metadata>
    </record>
  </ListRecords>
</OAI-PMH>
